@book{cfwm,
    author      = "Saunders Mac Lane",
    title       = "Categories for the Working Mathematician",
    year        = "1998",
    isbn        = "978-1-4419-3123-8",
    doi         = "10.1007/978-1-4757-4721-8",
    edition     = "2",
    publisher   = "Springer"
}

@online{commutative-diagrams,
    author      = "Tai-Danae Bradley",
    title       = "Commutative Diagrams Explained",
    date        = "2017-07-05",
    url         = "https://www.math3ma.com/blog/commutative-diagrams-explained"
}
